@book{rezende:08,
  title={Planejamento de sistemas de informa{\c{c}}{\~a}o e inform{\'a}tica: guia pr{\'a}tico para planejar a tecnologia da informa{\c{c}}{\~a}o integrada ao planejamento estrat{\'e}gico das organiza{\c{c}}{\~o}es},
  author={Rezende, Denis Alcides},
  year={2008},
  publisher={Atlas}
}

@article{chan:06,
  title={Antecedents and outcomes of strategic IS alignment: an empirical investigation},
  author={Chan, Yolande E and Sabherwal, Rajiv and Thatcher, Jason Bennett},
  journal={IEEE Transactions},
  year={2006}
}


@article{kappelman:15,
  title={The 2016 SIM IT Key Issues and Trends Study},
  author={Kappelman, Leon and McLean, Ephraim and Johnson, Vess},
  journal={Society for Information Management},
  year={2015}
}

@phdthesis{teixeira:10,
  title={MMPE-SI/TI (Gov)-Modelo de Maturidade para Planejamento Estrat{\'e}gico de SI/TI},
  author={{TEIXEIRA FILHO}, José Gilson Almeida},
  year={2010},
  school={Universidade Federal de Pernambuco, Recife}
}

@Article{cf:88,
	editor = {Imprensa Nacional},
	year = {1988},
	month = {out},
	title = {{C}onstitui\c{c}\~{a}o da {R}ep\'{u}blica {F}ederativa do {B}rasil},
	journal = {Di\'{a}rio Oficial da Uni\~{a}o},
	author = {BRASIL}
}

@Article{douEGTI:08,
	editor = {Imprensa Nacional},
	year = {2008},
	month = {dez},
	title = {Portaria n. 11, de 30 de dezembro de 2008. Aprova a Estrat\'{e}gia Geral de Tecnologia da Informa\c{c}\~{a}o (EGTI) no âmbito do Sistema de Administra\c{c}\~{a}o dos Recursos de Informa\c{c}\~{a}o e Inform\'{a}tica - SISP na vers\~{a}o de 2008},
	journal = {Di\'{a}rio Oficial da Uni\~{a}o, Bras\'{i}lia, DF, 30 dez. 2008. Se\c{c}\~{a}o 1, edi\c{c}\~{a}o 254/2008, p. 207.},
	author = {BRASIL}
}


@misc{tcuManual:07,
author={TCU},
  title = {{T}ribunal de {C}ontas da {U}ni\~{a}o - Manual Online de Legisla\c{c}\~{a}o e Jurispud\^{e}ncia de Contrata\c{c}\~{a}o de Servi\c{c}os de {TI}},
    OPThowpublished = {http://portal2.tcu.gov.br/portal/page/portal/ticontrole/legislacao/repositorio_contratacao_ti/ManualOnLine.html},
  year={2007},
note = {Acesso em 01 dez 2015}
}

@misc{egti:08,
author={SLTI/MPOG},
 year={2008},
  title = {Estrat{\'e}gia {G}eral de {TI} - Primeira versão},
  OPThowpublished = {www.governoeletronico.gov.br/documentos-e-arquivos/EGTI%20-%202008.pdf},
  note = {Acesso em 06 ago 2016}
}

@misc{egti:10,
author={SLTI/MPOG},
 year={2010},
  title = {Estrat{\'e}gia {G}eral de {TI} - Segunda versão},
  OPThowpublished = {http://www.governoeletronico.gov.br/documentos-e-arquivos/EGTI%202010%20completa.pdf},
  note = {Acesso em 13 ago 2016}
}

@misc{egti:11,
author={SLTI/MPOG},
 year={2011},
  title = {Estrat{\'e}gia {G}eral de {TI} - Terceira versão},
  OPThowpublished = {http://www.governoeletronico.gov.br/documentos-e-arquivos/Estrategia_Geral_de_TI__2011_2012_SISP.pdf},
  note = {Acesso em 13 ago 2016}
}

@misc{egti:13,
author={SLTI/MPOG},
 year={2013},
  title = {Estrat{\'e}gia {G}eral de {TI} - Quarta versão},
  OPThowpublished = {http://www.governoeletronico.gov.br/documentos-e-arquivos/EGTI_2013-2015_v1.pdf},
  note = {Acesso em 13 ago 2016}
}

@misc{egti:14,
author={SLTI/MPOG},
 year={2014},
  title = {Estrat{\'e}gia {G}eral de {TIC} - Quinta versão},
  OPThowpublished = {http://www.sisp.gov.br/egtic/wiki/download/file/EGTIC},
  note = {Acesso em 13 ago 2016}
}

@misc{egd:16,
author={SLTI/MPOG},
 year={2016},
  title = {Estrat{\'e}gia de {G}overnan\c{c}a {D}igital},
  OPThowpublished = {http://www.planejamento.gov.br/EGD/arquivos/Estrategia-de-Governanca-Digital.pdf},
  note = {Acesso em 13 ago 2016}
}

@misc{sisp:15,
author={SISP/MPOG},
 year={2015},
  title = {Guia de {P}{D}{T}{I} do {S}{I}{S}{P}},
  howpublished = {http://www.sisp.gov.br/guiapdti/wiki/Documento},
  note = {Acesso em 07 ago 2016}
}

@misc{sisp:12,
author={SISP/MPOG},
 year={2012},
  title = {Guia de {E}labora\c{c}\~{a}o de {P}{D}{T}{I} do {S}{I}{S}{P}},
  howpublished = {http://www.sisp.gov.br/guiapdti/wiki/Documento},
  note = {Acesso em 07 ago 2016}
}

@misc{tcu:07,
author={TCU},
  title = {{T}ribunal de {C}ontas da {U}ni\~{a}o - Levantamento acerca da Governan\c{c}a
de {TI} na {A}dministra\c{c}\~{a}o {P}\'{u}blica {F}ederal},
  howpublished = {http://portal.tcu.gov.br/comunidades/fiscalizacao-de-tecnologia-da-informacao/atuacao/perfil-de-governanca-de-ti/},
  journal={Sum\'{a}rios Executivos do TCU},
  year={2007},
note = {Acesso em 01 dez 2015}
}

@misc{tcu:10,
author={TCU},
  title = {{T}ribunal de {C}ontas da {U}ni\~{a}o - Levantamento de Governan\c{c}a
de Tecnologia da Informa\c{c}\~{a}o 2010},
  howpublished = {http://portal.tcu.gov.br/comunidades/fiscalizacao-de-tecnologia-da-informacao/atuacao/perfil-de-governanca-de-ti/},
  journal={Sum\'{a}rios Executivos do TCU},
  year={2010},
note = {Acesso em 01 dez 2015}
}

@misc{tcu:12,
author={TCU},
  title = {{T}ribunal de {C}ontas da {U}ni\~{a}o - Levantamento de Governan\c{c}a
de Tecnologia da Informa\c{c}\~{a}o 2012},
  howpublished = {http://portal.tcu.gov.br/comunidades/fiscalizacao-de-tecnologia-da-informacao/atuacao/perfil-de-governanca-de-ti/},
  journal={Sum\'{a}rios Executivos do TCU},
  year={2012},
note = {Acesso em 01 dez 2015}
}


@misc{tcu:14,
author={TCU},
  title = {{T}ribunal de {C}ontas da {U}ni\~{a}o - {P}erfil {G}ov{TI}},
  howpublished = {http://goo.gl/Q97Plh},
  journal={Plen\'ario},
  year={2014},
note = {Acesso em 02 dez 2015}
}

@article{glaser:68,
  title={The Discovery of Grounded Theory; Strategies for Qualitative Research.},
  author={Glaser, Barney G and Strauss, Anselm L and Strutzel, Elizabeth},
  journal={Nursing Research},
  volume={17},
  number={4},
  pages={364},
  year={1967},
  publisher={LWW}
}

@inproceedings{conte:09,
  title={Aplicando Grounded Theory na An{\'a}lise Qualitativa de um Estudo de Observa{\c{c}}{\~a}o em Engenharia de Software--Um Relato de Experi{\^e}ncia},
  author={Conte, Tayana and Cabral, Reinaldo and Travassos, Guilherme Horta},
  booktitle={V WOSES},
  year={2009}
}

@article{seaman:99,
  title={Qualitative methods in empirical studies of software engineering},
  author={Seaman, Carolyn B},
  journal={IEEE Transactions},
  year={1999}
}

@article{bandeira:03,
  title={Operacionalizando o m{\'e}todo da Grounded Theory nas Pesquisas em Estrat{\'e}gia},
  author={Bandeira de Mello, Rodrigo and Cunha, CJCA},
  year={2003}
}

@article{glaser:78,
  title={Theoretical sensitivity},
  author={Glaser, Barney G},
  journal={Sociology Press},
  year={1978},
  publisher={Mill Valley, CA}
}

@book{strauss:87,
  title={Qualitative analysis for social scientists},
  author={Strauss, Anselm L},
  year={1987},
  publisher={Cambridge University Press}
}
@book{corbin:98,
  title={Basics of qualitative research: Techniques and procedures for developing grounded theory},
  author={Corbin, Juliet and Strauss, Anselm},
  year={1998},
  publisher={Sage publications}
}


@incollection{seaman:08,
  title={Qualitative methods},
  author={Seaman, Carolyn B},
  booktitle={Guide to advanced empirical software engineering},
  year={2008}
 
}

@article{stern:80,
  title={Grounded theory methodology: Its uses and processes},
  author={Stern, Phyllis Noerager},
  journal={Image},
  volume={12},
  number={1},
  pages={20--23},
  year={1980},
  publisher={Wiley Online Library}
}

@book{patton:90,
  title={Qualitative evaluation and research methods .},
  author={Patton, Michael Quinn},
  year={1990},
  publisher={SAGE Publications, inc}
}

@incollection{easterbrook:08,
  title={Selecting empirical methods for software engineering research},
  author={Easterbrook, Steve and Singer, Janice and Storey, Margaret-Anne and Damian, Daniela},
  booktitle={Guide to advanced empirical software engineering},
  pages={285--311},
  year={2008},
  publisher={Springer}
}

@book{glaser:92,
  title={Emergence vs forcing: Basics of grounded theory analysis},
  author={Glaser, Barney G},
  year={1992},
  publisher={Sociology Press}
}

@inproceedings{niekerk:09,
  title={Glaserian and straussian grounded theory: Similar or completely different?},
  author={Van Niekerk, Johanna C and Roode, JD},
  booktitle={Proceedings of the 2009 Annual Research Conference of the South African Institute of Computer Scientists and Information Technologists},
  pages={96--103},
  year={2009},
  organization={ACM}
}

@article{birks:11,
  title={Essentials of grounded theory},
  author={Birks, M and Mills, J},
  journal={Grounded theory: a practical guide},
  pages={1--14},
  year={2011}
}

@misc{cresswell:98,
  title={Qualitative inquiry and research design: Choosing among five traditions},
  author={Cresswell, John W},
  year={1998},
  publisher={Sage Publications}
}

@book{charmaz:14,
  title={Constructing grounded theory},
  author={Charmaz, Kathy},
  year={2014},
  publisher={Sage}
}

@book{ward:16,
  title={The Strategic Management of Information Systems: Building a Digital Strategy, 4th Ed.},
  author={Ward, John and Peppard, Joe},
  year={2016},
  publisher={John Wiley \& Sons}
}

@book{boynton:90,
  title={Management information systems: readings and cases: a managerial perspective},
  author={Boynton, Andrew C and Zmud, Robert W},
  year={1990},
  publisher={Scott, Foresman \& Co.}
}

@book{earl:89,
  title={Management strategies for information technology},
  author={Earl, Michael J},
  year={1989},
  publisher={Prentice-Hall, Inc.}
}

@book{luftmanetal:04,
  title={Managing the information technology resource: Leadership in the},
  author={Luftman, Jerry N and Bullen, CV and Liao, D and Nash, E and Neumann, C},
  year={2004},
  publisher={Prentice Hall New York}
}

@article{luftman:04,
  title={Assessing business-IT alignment maturity},
  author={Luftman, Jerry},
  journal={Strategies for information technology governance},
  volume={4},
  pages={99},
  year={2004},
  publisher={Igi Global}
}

@article{henderson:99,
  title={Strategic alignment: Leveraging information technology for transforming organizations},
  author={Henderson, John C. and Venkatraman, H},
  journal={IBM systems journal},
  volume={32},
  number={1},
  pages={472--484},
  year={1993},
  publisher={IBM}
}

@article{king:88,
  title={How effective is your information systems planning?},
  author={King, William R},
  journal={Long Range Planning},
  volume={21},
  number={5},
  pages={103--112},
  year={1988},
  publisher={Elsevier}
}

@article{chan:97,
  title={Business strategic orientation, information systems strategic orientation, and strategic alignment},
  author={Chan, Yolande E and Huff, Sid L and Barclay, Donald W and Copeland, Duncan G},
  journal={Information systems research},
  volume={8},
  number={2},
  pages={125--150},
  year={1997},
  publisher={INFORMS}
}

@article{reich:96,
  title={Measuring the linkage between business and information technology objectives},
  author={Reich, Blaize Horner and Benbasat, Izak},
  journal={MIS quarterly},
  pages={55--81},
  year={1996},
  publisher={JSTOR}
}

@article{sabherwal:01,
  title={Alignment between business and IS strategies: A study of prospectors, analyzers, and defenders},
  author={Sabherwal, Rajiv and Chan, Yolande E},
  journal={Information systems research},
  volume={12},
  number={1},
  pages={11--33},
  year={2001},
  publisher={INFORMS}
}

@misc{luftman:96,
  title={Competing in the Information Age: Practical applications of the strategic alignment model},
  author={Luftman, Jerry},
  year={1996},
  publisher={New York: Oxford University Press}
}

@MastersThesis{barros:13,
  title={PERCEP{\c{C}}{\~O}ES DOS DIRIGENTES DE TI SOBRE A FORMULA{\c{C}}{\~A}O E IMPLEMENTA{\c{C}}{\~A}O DE ESTRAT{\'E}GIAS E PLANOS DE TI NOS {\'O}RG{\~A}OS DA ADMINISTRA{\c{C}}{\~A}O DIRETA DO PODER EXECUTIVO FEDERAL},
  author={Barros, F{\'a}bio Gomes},
  school={Universidade Cat{\'o}lica de Bras{\'i}lia},
  year={2013}
}

@MastersThesis{prando:15,
  title={GEST{\~A}O ESTRAT{\'E}GICA DE TECNOLOGIA DA INFORMA{\c{C}}{\~A}O (TI) NO SERVIÇO P{\'U}BLICO: Estudo de caso do Comitê Gestor de Tecnologia da Informa{\c{c}}{\~a}o (TI) do Instituto Federal de Educa{\c{c}}{\~a}o, Ciência e Tecnologia de S{\~a}o Paulo (IFSP)},
  author={Prando, Elton Cesar},
  school={Universidade Federal de S{\~a}o Carlos},
  year={2015}
}



@article{cho:14,
  title={Reducing confusion about grounded theory and qualitative content analysis: Similarities and differences},
  author={Cho, Ji Young and Lee, Eun-Hee},
  journal={The Qualitative Report},
  volume={19},
  number={32},
  pages={1},
  year={2014},
  publisher={The Qualitative Report}
}

@misc{turban:01,
  title={Introduction to Information Technology. John Willey \& Sons},
  author={Turban, Efrain and Rainer, R and Kelly, Richard E},
  year={2001},
  publisher={Inc}
}

@book{itCobit:07,
  title={COBIT 4.1},
  author={IT Governance Institute, ISACA},
  year={2007},
  publisher={ISACA}
}

@misc{in04:08,
author={SLTI/MPOG},
  title = {Instru{\c{c}}{\~a}o Normativa n$^{\circ}$ 4, de 19 de maio de 2008},
  howpublished = {www.governoeletronico.gov.br/documentos-e-arquivos/EGTI%20-%202008.pdf},
  year={2008},
note = {Acesso em 30 jul 2016}
}

@misc{in04:10,
author={SLTI/MPOG},
  title = {Instru{\c{c}}{\~a}o Normativa n$^{\circ}$ 4, de 12 de novembro de 2010},
  howpublished = {http://www.comprasgovernamentais.gov.br/paginas/instrucoes-normativas/instrucao-normativa-no-04-de-12-de-novembro-de-2010},
  year={2010},
note = {Acesso em 30 jul 2016}
}

@misc{in04:14,
author={SLTI/MPOG},
  title = {Instru{\c{c}}{\~a}o Normativa n$^{\circ}$ 4, de 11 de setembro de 2014},
  howpublished = {http://www.governoeletronico.gov.br/documentos-e-arquivos/1%20-%20IN%204%20%2011-9-14.pdf},
  year={2014},
note = {Acesso em 7 ago 2016}
}

@article{pollack:10,
  title={Strategic information systems planning},
  author={Pollack, Thomas A},
  journal={ASCUE Proceedings},
  pages={47--58},
  year={2010}
}

@book{mcnurlin:09,
  title={Information systems management in practice 8th Ed.},
  author={McNurlin, Barbara Canning and Sprague, Ralph H},
  publisher = {Prentice Hall},
  year = {2009}
}

@article{pereira:07,
  title={Planejamento estrat{\'e}gico},
  author={Pereira, Mauricio Fernandes},
  journal={Centro S{\'o}cio-Econ{\^o}mico, Departamento de Ci{\^e}ncias da Administra{\c{c}}{\~a}o da UFSC. Florian{\'o}polis},
  year={2007}
}

@MastersThesis{paula:12,
  title={Planejamento Estrat{\'e}gico De Tecnologia Da Informa{\c{c}}{\~a}o E Comunica{\c{c}}{\~a}o Em Institui{\c{c}}{\~o}es Federais De Ensino Superior: Construindo Uma Abordagem Atrav{\'e}s De Pesquisa-A{\c{c}}{\~a}o Na Unirio},
  author={Paula, Luiza Goncalves de},
  school={Universidade Federal do Estado do Rio de Janeiro},
  year={2012}
}
%
@article{nolan:73,
  title={Managing the computer resource: a stage hypothesis},
  author={Nolan, Richard L},
  journal={Communications of the ACM},
  volume={16},
  number={7},
  pages={399--405},
  year={1973},
  publisher={ACM}
}

@article{sullivan:85,
  title={Systems planning in the information age},
  author={Sullivan, Cornelius H},
  journal={Sloan Management Review},
  volume={26},
  number={2},
  pages={3},
  year={1985},
  publisher={Sloan Managment Review Association.}
}

@article{teo:97,
  title={Integration between business planning and information systems planning: an evolutionary-contingency perspective},
  author={Teo, Thompson SH and King, William R},
  journal={Journal of management information systems},
  volume={14},
  number={1},
  pages={185--214},
  year={1997},
  publisher={Taylor \& Francis}
}

@article{mentzas:97,
  title={Implementing an IS strategy - a team approach},
  author={Mentzas, Gregory},
  journal={Long Range Planning},
  volume={30},
  number={1},
  pages={84--95},
  year={1997},
  publisher={Elsevier}
}

@book{cassidy:98,
  title={A practical guide to information systems strategic planning},
  author={Cassidy, Anita},
  year={1998},
  publisher={USA: Kindle Edition}
}

@article{min:99,
  title={An integrated approach toward strategic information systems planning},
  author={Min, Seung Ki and Suh, Eui-Ho and Kim, Su-Yeon},
  journal={The Journal of Strategic Information Systems},
  volume={8},
  number={4},
  pages={373--394},
  year={1999},
  publisher={Elsevier}
}

@book{gordon:06,
  title={Sistemas de Informa{\c{c}}{\~a}o: Una Abordagem Gerencial .},
  author={Gordon, Steven R and Gordon, Judith R},
  year={2006},
  publisher={Grupo Gen-LTC}
}

@article{newkirk:07,
  title={The effectiveness of strategic information systems planning for technical resources, personnel resources, and data security in environments of heterogeneity and hostility},
  author={Newkirk, Henry E and Lederer, Albert L},
  journal={Journal of Computer Information Systems},
  volume={47},
  number={3},
  pages={34--44},
  year={2007},
  publisher={Taylor \& Francis}
}

@article{nezakati:14,
  title={Effective attributes of successful strategic information systems planning for public organizations in Middle East-preliminary study},
  author={Nezakati, Hossein and Harati, Ashkan and Elahi, Reihane},
  journal={Journal of Applied Sciences},
  volume={14},
  number={15},
  pages={1701--1710},
  year={2014},
  publisher={Asian Network for Scientific Information}
}

@article{bajjaly:98,
  title={Strategic information systems planning in the public sector},
  author={Bajjaly, Stephen T},
  journal={The American Review of Public Administration},
  volume={28},
  number={1},
  pages={75--85},
  year={1998},
  publisher={Sage Publications}
}

@article{dufner:02,
  title={Can private sector strategic information systems planning techniques work for the public sector?},
  author={Dufner, Donna and Holley, Lyn M and Reed, BJ},
  journal={Communications of the Association for Information Systems},
  volume={8},
  number={1},
  pages={28},
  year={2002}
}

@inproceedings{dufner:05,
  title={Models for US State Government Strategic Information Systems Planning (SISP)},
  author={Dufner, Donna and Holley, Lyn M and Reed, BJ},
  booktitle={Proceedings of the 38th Annual Hawaii International Conference on System Sciences},
  pages={133c--133c},
  year={2005},
  organization={IEEE}
}

@article{abu:09,
  title={Conceptualization of Strategic Information Systems Planning (SISP) success model in public sector: An absorptive capacity approach},
  author={Abu Bakar, Fazidah and Suhaimi, Mohd Adam and Hussin, Husnayati},
  year={2009}
}

@article{rezende:07,
  title={Planejamento de informa{\c{c}}{\~o}es p{\'u}blicas municipais: sistemas de informa{\c{c}}{\~a}o e de conhecimento, inform{\'a}tica e governo eletr{\^o}nico integrados aos planejamentos das prefeituras e munic{\'\i}pios},
  author={Rezende, Denis Alcides},
  journal={Revista de Administra{\c{c}}{\~a}o P{\'u}blica},
  volume={41},
  number={3},
  pages={505--536},
  year={2007},
  publisher={SciELO Brasil}
}

@MastersThesis{fagundes:11,
  title={PDGovTI - MODELO DE PLANO DIRETOR DE TECNOLOGIA DA INFORMA{\c{C}}{\~A}O: BASEADO EM ARQUITETURA CORPORATIVA E GOVERNAN{\c{C}}A DE TI EM GOVERNO},
  author={Vladimir Fagundes},
  year={2011},
  school={Universidade Federal do Rio de Janeiro}
}

@article{brown:04,
  title={Using grounded theory in the analysis of literature: The case of strategic information systems planning},
  author={Brown, Irwin and Roode, Dewald},
  journal={ACIS 2004 Proceedings},
  pages={113},
  year={2004}
}

@article{cruz:08,
  title={Governan{\c{c}}a de {TI} e conformidade legal no setor p{\'u}blico: um quadro referencial normativo para a contrata{\c{c}}{\~a}o de servi{\c{c}}os de {TI}},
  author={Cruz, Cl{\'a}udio Silva},
  year={2008},
  journal={Universidade Cat{\'o}lica de Bras{\'\i}lia}
}

@misc{balanco:14,
author = {MPOG},
title = {Compras p{\'u}blicas de {TIC} movimentam {R}{\$}6,03 bilh{\~o}es em 2014},
OPThowpublished = {http://www.brasil.gov.br/governo/2015/03/compras-publicas-movimentam-r-6-03-bilhoes-em-2014},
note = {Acesso em 07 ago 2016},
year = {2015}
}

@article{hazan:10,
  title={Defini{\c{c}}{\~a}o de uma Metodologia para Elabora{\c{c}}{\~a}o de PDTI baseada no Framework de Zachman},
  author={Hazan, Claudia},
  journal={Belo Horizonte: WCGE},
  year={2010}
}

@misc{microsoft:09,
author={Microsoft},
  title = {Manual de Governança Amiga da Microsoft},
    OPThowpublished = {http://www.microsoft/brasil/setorpublico/governanca/pdti},
  year={2009},
note = {Acesso em 14 ago 2016}
}
@article{tripp:05,
  title={Pesquisa-a{\c{c}}{\~a}o: uma introdu{\c{c}}{\~a}o metodol{\'o}gica},
  author={Tripp, David},
  journal={Educa{\c{c}}{\~a}o e pesquisa},
  volume={31},
  number={3},
  pages={443--466},
  year={2005},
  publisher={SciELO Brasil}
}

@MastersThesis{schots:10,
  title={Uma abordagem para a identifica{\c{c}}{\~a}o de causas de problemas utilizando Grounded Theory},
  author={Schots, Nat{\'a}lia Chaves Lessa},
  year={2010},
  school={Universidade Federal do Rio de Janeiro}
}

@book{kerzner:11,
  title={Using the project management maturity model: strategic planning for project management},
  author={Kerzner, Harold R},
  year={2011},
  publisher={John Wiley \& Sons}
}

@book{laudon:05,
  title={Sistemas de informa{\c{c}}{\~a}o gerenciais: administrando a empresa digital},
  author={Laudon, Kenneth C and Laudon, Jane Price},
  year={2005},
  publisher={Pearson Prentice Hall}
}

@book{kerlinger:80,
  title={Metodologia da pesquisa em ci{\^e}ncias sociais: um tratamento conceitual},
  author={Kerlinger, Fred Nichols and Rotundo, Helena Mendes},
  year={1980},
  publisher={Epu}
}

@book{weill:04,
  title={IT governance: How top performers manage IT decision rights for superior results},
  author={Weill, Peter and Ross, Jeanne W},
  year={2004},
  publisher={Harvard Business Press}
}

@article{cragg2002alignment,
  title={IT alignment and firm performance in small manufacturing firms},
  author={Cragg, Paul and King, Malcolm and Hussin, Husnayati},
  journal={The Journal of Strategic Information Systems},
  volume={11},
  number={2},
  pages={109--132},
  year={2002},
  publisher={Elsevier}
}